<record xmlns="http://www.loc.gov/MARC21/slim" xmlns:xsi="http://www.w3.org/2001/XMLSchema-instance" xsi:schemaLocation="http://www.loc.gov/MARC21/slim http://www.loc.gov/standards/marcxml/schema/MARC21slim.xsd"><leader>00000nam a22003734i 4500</leader><controlfield tag="001">9789511520993</controlfield><controlfield tag="003">FI-BTJ</controlfield><controlfield tag="005">20260312115239.8</controlfield><datafield ind1=" " ind2=" " tag="020"><subfield code="a">9789511520993</subfield><subfield code="q">kovakantinen</subfield></datafield><datafield ind1=" " ind2=" " tag="035"><subfield code="a">(FI-BTJ)7544483</subfield></datafield><datafield ind1=" " ind2=" " tag="040"><subfield code="a">FI-BTJ</subfield><subfield code="b">fin</subfield><subfield code="e">rda</subfield></datafield><datafield ind1="0" ind2=" " tag="041"><subfield code="a">fin</subfield></datafield><datafield ind1=" " ind2=" " tag="084"><subfield code="a">84.2</subfield><subfield code="2">ykl</subfield></datafield><datafield ind1=" " ind2=" " tag="091"><subfield code="a">89</subfield></datafield><datafield ind1=" " ind2=" " tag="092"><subfield code="a">84.2</subfield></datafield><datafield ind1=" " ind2=" " tag="093"><subfield code="a">84.2</subfield></datafield><datafield ind1=" " ind2=" " tag="094"><subfield code="a">84.2</subfield></datafield><datafield ind1=" " ind2=" " tag="095"><subfield code="a">1.4</subfield></datafield><datafield ind1=" " ind2=" " tag="097"><subfield code="a">84.2</subfield></datafield><datafield ind1="1" ind2=" " tag="100"><subfield code="a">Louhela, Liisa,</subfield><subfield code="e">kirjoittaja.</subfield><subfield code="0">(FI-ASTERI-N)000215904</subfield></datafield><datafield ind1="1" ind2="0" tag="240"><subfield code="a">Mies joka kantoi aurinkoa syliss&#228;&#228;n.</subfield><subfield code="l">Suomi</subfield></datafield><datafield ind1="1" ind2="0" tag="245"><subfield code="a">Mies joka kantoi aurinkoa syliss&#228;&#228;n /</subfield><subfield code="c">Liisa Louhela.</subfield></datafield><datafield ind1=" " ind2="1" tag="264"><subfield code="a">Helsingiss&#228; :</subfield><subfield code="b">Kustannusosakeyhti&#246; Otava,</subfield><subfield code="c">[2026]</subfield></datafield><datafield ind1=" " ind2=" " tag="300"><subfield code="a">298 sivua ;</subfield><subfield code="c">21 cm</subfield></datafield><datafield ind1=" " ind2=" " tag="336"><subfield code="a">teksti</subfield><subfield code="b">txt</subfield><subfield code="2">rdacontent</subfield></datafield><datafield ind1=" " ind2=" " tag="337"><subfield code="a">k&#228;ytett&#228;viss&#228; ilman laitetta</subfield><subfield code="b">n</subfield><subfield code="2">rdamedia</subfield></datafield><datafield ind1=" " ind2=" " tag="338"><subfield code="a">nide</subfield><subfield code="b">nc</subfield><subfield code="2">rdacarrier</subfield></datafield><datafield ind1="1" ind2="4" tag="600"><subfield code="a">Pekurinen, Arndt,</subfield><subfield code="0">(FI-ASTERI-N)000106424</subfield></datafield><datafield ind1=" " ind2="4" tag="648"><subfield code="a">1920-luku</subfield><subfield code="2">yso/fin</subfield><subfield code="0">http://www.yso.fi/onto/yso/p6192061929</subfield></datafield><datafield ind1=" " ind2="7" tag="650"><subfield code="a">rauhanaate</subfield><subfield code="2">kauno/fin</subfield><subfield code="0">http://www.yso.fi/onto/kauno/p906</subfield></datafield><datafield ind1=" " ind2="7" tag="650"><subfield code="a">aseistakielt&#228;ytyminen</subfield><subfield code="2">kauno/fin</subfield><subfield code="0">http://www.yso.fi/onto/kauno/p1292</subfield></datafield><datafield ind1=" " ind2="7" tag="650"><subfield code="a">kansalaistottelemattomuus</subfield><subfield code="2">kauno/fin</subfield><subfield code="0">http://www.yso.fi/onto/kauno/p2109</subfield></datafield><datafield ind1=" " ind2="7" tag="650"><subfield code="a">pasifistit</subfield><subfield code="2">kauno/fin</subfield><subfield code="0">http://www.yso.fi/onto/kauno/p6352</subfield></datafield><datafield ind1=" " ind2="7" tag="651"><subfield code="a">Helsinki</subfield><subfield code="2">yso/fin</subfield><subfield code="0">http://www.yso.fi/onto/yso/p94137</subfield></datafield><datafield ind1=" " ind2="7" tag="655"><subfield code="a">el&#228;m&#228;kertaromaanit</subfield><subfield code="2">slm/fin</subfield><subfield code="0">http://urn.fi/URN:NBN:fi:au:slm:s770</subfield></datafield><datafield ind1=" " ind2="7" tag="655"><subfield code="a">kaunokirjallisuus</subfield><subfield code="2">slm/fin</subfield><subfield code="0">http://urn.fi/URN:NBN:fi:au:slm:s975</subfield></datafield><datafield ind1=" " ind2="7" tag="655"><subfield code="a">romaanit</subfield><subfield code="2">slm/fin</subfield><subfield code="0">http://urn.fi/URN:NBN:fi:au:slm:s518</subfield></datafield><datafield ind1=" " ind2="7" tag="655"><subfield code="a">suomenkielinen kirjallisuus</subfield><subfield code="2">local</subfield></datafield><datafield ind1="2" ind2=" " tag="710"><subfield code="a">Otava, kustannusosakeyhti&#246;,</subfield><subfield code="e">kustantaja.</subfield><subfield code="0">(FI-ASTERI-N)000039084</subfield></datafield><datafield ind1=" " ind2=" " tag="852"><subfield code="x">Helsingin luokanmuutos 27.4.2026</subfield></datafield></record>